
@article{mrx05, 
	auTHor = "Mr. X", 
	Title = {Something Great}, 
	publisher = "nob" # "ody", 
	YEAR = 2005, 
} 



@misc{SSH,
	title = "Documentación de ssh",
	howpublished ={\url{https://www.openssh.com/}},
	year = "Noviembre de 2016",
}



@misc{apt,
	title = "Ubuntu apt",
	howpublished ={\url{http://manpages.ubuntu.com/manpages/xenial/man8/apt.8.html}},
	year = "Noviembre de 2016",
}

@misc{yum,
	title= "Documentación YUM",
	howpublished ={\url{https://www.centos.org/docs/5/html/yum/}},
	year = "Noviembre de 2016",
}

@misc{key,
	title = "Documentación de ssh 2",
	howpublished ={\url{https://www.openssh.com/manual.html}},
	year = "Noviembre de 2016",
}

@misc{webmin,
	title = "Página de Webmin",
	howpublished ={\url{http://www.webmin.com/deb.html}},
	year = "Noviembre de 2016",
}

@misc{phpmyadmin,
	title = "Documentación de Phpmyadmin",
	howpublished ={\url{https://www.phpmyadmin.net/docs/}},
	year = "Noviembre de 2016",
}

@misc{isp,
	title = "Demo ispconfig",
	howpublished ={\url{http://www.ispconfig.org/ispconfig/online-demo/}},
	year = "Noviembre de 2016",
}

@misc{micro,
	title = "Powershell Stop-Process",
	howpublished ={\url{https://msdn.microsoft.com/powershell/reference/5.1/microsoft.powershell.management/Stop-Process/}},
	year = "Noviembre de 2016",
}


@misc{tasklist,
	title = "Powershell Tasklist",
	howpublished ={\url{https://technet.microsoft.com/es-es/library/bb491010.aspx}},
	year = "Noviembre de 2016",
}





