@article{mrx05, 
auTHor = "Mr. X", 
Title = {Something Great}, 
publisher = "nob" # "ody", 
YEAR = 2005, 
} 



@misc{hostalia,
	title = "https://www.hostalia.com/vps/",
	year = "Octubre de 2016",
}

@misc{comparacionMicroSer,
	title = "https://blogs.technet.microsoft.com/ieitpro/2013/01/29/hyper-v-comparison-windows-server-2008-r2-vs-windows-server-2012/",
	year = "Octubre 2016"
}

@misc{nanoServer,
	title = "https://technet.microsoft.com/en-us/windows-server-docs/get-started/getting-started-with-nano-server",
	year = "Octubre 2016"
}

@misc{maas,
	title = "http://maas.io/",
	year = "Octubre 2016"
}

@misc{landscape,
	title = "https://landscape.canonical.com/",
	year = "0ctubre 2016"
}

@misc{datacenterystandar,
	title = "http://download.microsoft.com/download/7/2/9/7290EA05-DC56-4BED-9400-138C5701F174/WS2016LicensingDatasheet.pdf",
	year = "Octubre 2016"
}

@misc{red,
	title = "https://www.virtualbox.org/manual/ch06.html\#networkingmodes",
	year = "Octubre 2016"
}

@misc{grub,
	title = "https://linux.die.net/man/8/grub-install",
	year = "Octubre 2016"
}