@article{mrx05, 
auTHor = "Mr. X", 
Title = {Something Great}, 
publisher = "nob" # "ody", 
YEAR = 2005, 
} 



@misc{kernel,
	title = "Documentación variables kernel",
	howpublished ={\url{https://www.kernel.org/doc/Documentation/sysctl/kernel.txt}},
	year = "2016",
}

@misc{xampp,
	title = "Página principal y de descarga de XAMPP",
	howpublished ={\url{https://www.apachefriends.org/es/index.html}},
	year = "2016",
}