@article{mrx05, 
auTHor = "Mr. X", 
Title = {Something Great}, 
publisher = "nob" # "ody", 
YEAR = 2005, 
} 



@misc{cron,
	title = "Documentaci칩n de Cron",
	howpublished ={\url{https://wiki.gentoo.org/wiki/Cron/es}},
	year = "Diciembre de 2016",
}

@misc{crontab,
	title = "Documentaci칩n de Crontab",
	howpublished ={\url{https://linux.die.net/man/5/crontab}},
	year = "Diciembre de 2016",
}

@misc{dpkg,
	title = "Manual de dpkg",
	howpublished ={\url{http://man7.org/linux/man-pages/man1/dpkg.1.html}},
	year = "Diciembre de 2016",
}

@misc{perfmon,
	title = "Uso de perfmon",
	howpublished ={\url{https://technet.microsoft.com/es-es/library/cc749115(v=ws.11).aspx}},
	year = "Diciembre de 2016",
}

@misc{crear,
	title = "Creaci칩n de recopilador de datos",
	howpublished ={\url{https://technet.microsoft.com/es-es/library/cc722148(v=ws.11).aspx}},
	year = "Diciembre de 2016",
}


@misc{munim,
	title = "P치gina de demos de munin ",
	howpublished ={\url{http://demo.munin-monitoring.org/}},
	year = "Diciembre de 2016",
}

@misc{python,
	title = "Uso de profiler para python 3",
	howpublished ={\url{https://docs.python.org/3/library/profile.html}},
	year = "Diciembre de 2016",
}

@misc{mysql,
	title = "Uso de profiler para mysql",
	howpublished ={\url{https://dev.mysql.com/doc/refman/5.5/en/show-profile.html}},
	year = "Diciembre de 2016",
}













