@article{mrx05, 
auTHor = "Mr. X", 
Title = {Something Great}, 
publisher = "nob" # "ody", 
YEAR = 2005, 
} 



@misc{heaven,
	title = "Página principal de Heaven Benchmarl",
	howpublished ={\url{https://unigine.com/products/benchmarks/heaven/}},
	year = "Noviembre de 2016",
}

@misc{xampp,
	title = "Página principal y de descarga de XAMPP",
	howpublished ={\url{https://www.apachefriends.org/es/index.html}},
	year = "2016",
}

@misc{descarga,
	title = "Descarga jmeter",
	howpublished ={\url{http://jmeter.apache.org/download_jmeter.cgi}},
	year = "2016",
}

@misc{jmeter,
	title = "Página principal de jmeter",
	howpublished ={\url{http://jmeter.apache.org}},
	year = "2016",
}